% Encoding: UTF-8

@www{gh1562,
  author = {gh},
  editor = {gh},
  title  = {CTAN},
  year   = {2020},
  url    = {https://www.ctan.org/}
}

@online{
}

@misc{Agarwal2019,
  author    = {Agarwal, Vatsal and Instructables},
  title     = {Minimalistic Word Clock},
  year      = {2019},
  month     = {Jul},
  url       = {https://www.instructables.com/id/Minimalistic-Word-Clock/},
  journal   = {Instructables},
  publisher = {Instructables}
}

@book{lameres2019quick,
  title     = {Quick Start Guide to VHDL},
  author    = {LaMeres, Brock J.},
  year      = {2019},
  publisher = {OpenStax},
  url       = {https://open.umn.edu/opentextbooks/textbooks/quick-start-guide-to-vhdl}
}

@inproceedings{7169287,
  author    = {Ubar, Raimund and Kõusaar, Jaak and Gorev, Maksim and Devadze, Sergei},
  booktitle = {2015 IEEE International Symposium on Circuits and Systems (ISCAS)},
  title     = {Combinational fault simulation in sequential circuits},
  year      = {2015},
  volume    = {},
  number    = {},
  pages     = {2876-2879},
  doi       = {10.1109/ISCAS.2015.7169287}
}

@manual{digilent2023,
  title  = {Basys 3 FPGA Board Reference Manual},
  author = {Digilent, Inc.},
  year   = {2023},
  url    = {https://reference.digilentinc.com/reference/programmable-logic/basys-3/reference-manual}
}

@manual{unlp2018,
  title  = {Introducción al diseño lógico con VHDL},
  author = {Noriega, Sergio},
  year   = {2018},
  url    = {http://catedra.ing.unlp.edu.ar/electrotecnia/islyd/apuntes/Tema%2012c%20Logica%20Programable%20VHDL%20%202018.pdf}
}