% Encoding: UTF-8

@WWW{gh1562,
  author = {gh},
  editor = {gh},
  title  = {CTAN},
  year   = {2020},
  url    = {https://www.ctan.org/},
}

@Online{,
}

@Article{Friston1994,
  author    = {K. J. Friston and A. P. Holmes and K. J. Worsley and J.-P. Poline and C. D. Frith and R. S. J. Frackowiak},
  title     = {Statistical parametric maps in functional imaging: A general linear approach},
  journal   = {Hum. Brain Mapp.},
  year      = {1994},
  volume    = {2},
  number    = {4},
  pages     = {189--210}
}

@InProceedings{Maymounkov2002,
  author    = {P. Maymounkov and D. Mazières},
  title     = {Kademlia: A peer-to-peer information system based on the XOR metric},
  booktitle = {Peer-to-Peer Systems},
  year      = {2002},
  address   = {Berlin, Heidelberg},
  publisher = {Springer Berlin Heidelberg},
  pages     = {53--65}
}

@Book{Carlet2021,
  author    = {C. Carlet},
  title     = {Boolean functions for cryptography and coding theory},
  publisher = {Cambridge University Press},
  year      = {2021},
  address   = {Cambridge, England}
}

@Online{Digilent2023,
  author  = {Digilent},
  title   = {Basys 3 Artix-7 FPGA Trainer Board: Recommended for Introductory Users},
  year    = {2023},
  url     = {https://www.xilinx.com/products/boards-and-kits/1-54wqge.html},
  note    = {[En línea]. Disponible en:},
  urldate = {2023-10-24},
}

@Online{AMDVivado2023,
  author  = {AMD},
  title   = {Vivado ML Edition},
  year    = {2023},
  url     = {https://www.xilinx.com/products/design-tools/vivado.html},
  note    = {[En línea]. Disponible en:},
  urldate = {2023-10-24},
}

@Online{Digilent2023Guide,
  author  = {Digilent},
  title   = {Basys 3 Programming Guide},
  year    = {2023},
  url     = {https://digilent.com/reference/learn/programmable-logic/tutorials/basys-3-programming-guide/start},
  note    = {[En línea]. Disponible en:},
  urldate = {2023-10-24},
}

@INPROCEEDINGS{9622531,
  author={Nayana, M.G and Pooja, H.M and Triveni, C.L},
  booktitle={2021 IEEE International Conference on Electronics, Computing and Communication Technologies (CONECCT)},
  title={Designing and Implementation Quantum Half Subtractor and Full Subtractor Using IBM Quantum Experience},
  year={2021},
  volume={},
  number={},
  pages={1-4},
  doi={10.1109/CONECCT52877.2021.9622531}}

  @INPROCEEDINGS{7944062,
  author={Naguboina, Gopi Chand and Anusudha, K.},
  booktitle={2017 International Conference on Computer, Communication and Signal Processing (ICCCSP)},
  title={Design and synthesis of combinational circuits using reversible decoder in Xilinx},
  year={2017},
  volume={},
  number={},
  pages={1-6},
  doi={10.1109/ICCCSP.2017.7944062}}

@Online{Electricidad,
  author  = {N. A},
  title   = {Diferentes tipos de demultiplexores},
  year    = {2017},
  journal = {Electronica Online},
  url     = {https://electronicaonline.net/electronica-digital/tipos-de-demultiplexores/},
  note    = {Obtenido de:}
}

@Online{ComparadorDeMagnitud,
  author  = {Greyrat, R.},
  title   = {Comparador de Magnitud en Lógica Digital – Part 1},
  year    = {2022},
  journal = {Barcelona Geeks},
  url     = {https://barcelonageeks.com/comparador-de-magnitudes-en-logica-digital-1/},
  note    = {Obtenido de:}
}
