@book{floyd_digital_2023,
  title     = {Digital Fundamentals},
  author    = {Floyd, Thomas},
  publisher = {Prentice-Hall},
  year      = {2023}
}

@online{allaboutcircuits,
  title = {Karnaugh Maps, Truth Tables, and Boolean Expressions},
  url   = {https://www.allaboutcircuits.com/textbook/digital/chpt-8/karnaugh-maps-truth-tables-boolean-expressions/},
  year  = {2023}
}

@misc{Torres,
  author = {Torres, César Martínez},
  title = {Lab 5: Combinational Logic Circuits Design},
  year = {2023},
  publisher = {UDLAP},
  note = {Accessed on October 31, 2023}
}
